@book{kauschke2012kindlicher,
  title={Kindlicher spracherwerb im deutschen: Verl{\"a}ufe, forschungsmethoden, erkl{\"a}rungsans{\"a}tze},
  author={Kauschke, Christina},
  volume={45},
  year={2012},
  publisher={walter de Gruyter}
}

@article{ecke2008babylonia,
  author = {Ecke, Peter},
  title = {Die Kosten der Mehrsprachigkeit},
  year = {2008},
  number = {2},
  url = {http://www.u.arizona.edu/~eckep/Ecke%2008%20Kosten%20der%20MS.pdf},
  journal = {Babylonia},
  pages = {26–30},
  numpages = {5}
}

@article{knuth84,
  author = {Knuth, Donald E.},
  title = {Literate Programming},
  year = {1984},
  issue_date = {May 1984},
  publisher = {Oxford University Press, Inc.},
  address = {USA},
  volume = {27},
  number = {2},
  issn = {0010-4620},
  url = {https://doi.org/10.1093/comjnl/27.2.97},
  doi = {10.1093/comjnl/27.2.97},
  journal = {Comput. J.},
  month = may,
  pages = {97–111},
  numpages = {15}
}


